<?xml version="1.0" encoding="UTF-8"?><collection xmlns="http://www.loc.gov/MARC21/slim"><record><leader>00474nam--2200121-i-4500</leader><controlfield tag="001">000024195</controlfield><controlfield tag="002">20161230</controlfield><controlfield tag="005">20161230201035</controlfield><controlfield tag="008">060222s1000------------r-----000-0-eng-d</controlfield><datafield ind1=" " ind2=" " tag="080"><subfield code="a">621.039:621.311.2(061.3)</subfield></datafield><datafield ind1=" " ind2=" " tag="245"><subfield code="a">International conference on nuclear power experience, vienna, 13-14 september 1982: (iaea-cn-1982): uranium enrichment and fuel fabrication chairman: documents: nr.14, 96, 124, 143, 168, 258, 259, 292, 382, 429</subfield></datafield><datafield ind1=" " ind2=" " tag="260"><subfield code="a">Vienna, Iaea, 1982</subfield></datafield><datafield ind1=" " ind2=" " tag="852"><subfield code="a">70759</subfield></datafield></record></collection>